

@book{RAPMan,
  title     = {IDEA R&A Manual},
  author    = {{IDEA RAP Team}},
  url       = {https://idea-analytics.github.io/r_and_a_manual/index.html}
}

@book{AccountabilityMan,
  title     = {Accountability Manual for 2025 Ratings for Texas Public School Districts and Campuses},
  year      = 2025,
  author    = {{Texas Education Agency}},
  url       = {https://tea.texas.gov/texas-schools/accountability/academic-accountability/performance-reporting/2025-accountability-manual-full.pdf}
}

@misc{STAAR,
author = {{IDEA Public Schools Data Warehouse}},
title = {STAAR Assessment Data},
note = {Accessed: September 2025},
year = {2025}
}

@misc{account2425,
author = {{Texas Education Agency}},
title = {2025 Accountability Ratings: 2025 Data Download},
howpublished = {\url{https://rptsvr1.tea.texas.gov/perfreport/account/acct_download?year=2025}},
year = {2025}
}

@misc{account2324,
author = {{Texas Education Agency}},
title = {2024 Accountability Ratings: 2024 Data Download},
howpublished = {\url{https://rptsvr1.tea.texas.gov/perfreport/account/acct_download?year=2024}},
year = {2024}
}

@misc{account2223,
author = {{Texas Education Agency}},
title = {2023 Accountability Ratings: 2023 Data Download},
howpublished = {\url{https://rptsvr1.tea.texas.gov/perfreport/account/acct_download?year=2023}},
year = {2023}
}

@misc{account2122,
author = {{Texas Education Agency}},
title = {2022 Accountability Ratings: 2022 Data Download},
howpublished = {\url{https://rptsvr1.tea.texas.gov/perfreport/account/2022/download.html}},
year = {2022}
}


@misc{account1819,
author = {{Texas Education Agency}},
title = {2019 Accountability Ratings: 2019 Data Download},
howpublished = {\url{https://rptsvr1.tea.texas.gov/perfreport/account/2019/download.html}},
year = {2019}
}

@misc{account1718,
author = {{Texas Education Agency}},
title = {2018 Accountability Ratings: 2019 Data Download},
howpublished = {\url{https://rptsvr1.tea.texas.gov/perfreport/account/2018/download.html}},
year = {2018}
}